@InProceedings{CB-91,
  author =       "C. L. Birkett and M. G. Kienzle and G. A. Myers",
  title =        "Interpolation over ectopic beats increases low
                 frequency power in heart rate variability spectra",
  booktitle =    "Computers in Cardiology 1991",
  address =      "Los Alamitos",
  publisher =    "IEEE Computer Society Press",
  year =         "1992",
  pages =        "257--259",
}

@InProceedings{GM-85,
  author =       "G. B. Moody and R. G. Mark and A. Zoccola and S.
                 Mantero",
  title =        "Derivation of respiratory signals from multi-lead
                 {ECG}s",
  booktitle =    "Computers in Cardiology 1985",
  address =      "Los Alamitos",
  publisher =    "IEEE Computer Society Press",
  year =         "1986",
  pages =        "113--116",
}

@InProceedings{GM-92,
  author =       "G. B. Moody",
  title =        "{ECG}-based indices of physical activity",
  booktitle =    "Computers in Cardiology 1992",
  address =      "Los Alamitos",
  publisher =    "IEEE Computer Society Press",
  year =         "1992",
  pages =        "403--406",
}

@Article{NL-76,
  author =       "N. R. Lomb",
  title =        "Least-squares frequency analysis of unequally spaced
                 data",
  journal =      "Astrophysics and Space Science",
  year =         "1976",
  volume =       "39",
  pages =        "447--462",
}

@Book{NR-92,
  author =       "W. H. Press and S. A. Teukolsky and W. T. Vetterling
                 and B. P. Flannery",
  title =        "Numerical Recipes in {C}: the Art of Scientific
                 Computing",
  edition =      "Second",
  note =         "549--558 [FT], 572--575 [AR], 575--584 [Lomb]",
  publisher =    "Cambridge Univ Press",
  year =         "1992",
}

@InProceedings{PA-88,
  author =       "P. Albrecht and R. J. Cohen",
  title =        "Estimation of heart rate power spectrum bands from
                 real-world data: dealing with ectopic beats and noisy
                 data",
  booktitle =    "Computers in Cardiology 1988",
  address =      "Los Alamitos",
  publisher =    "IEEE Computer Society Press",
  year =         "1989",
  pages =        "311--314",
}

@Article{RB-86,
  author =       "R. D. Berger and S. Akselrod and D. Gordon and R. J.
                 Cohen",
  title =        "An efficient algorithm for spectral analysis of heart
                 rate variability",
  journal =      "IEEE Trans Biomed Eng",
  year =         "1986",
  volume =       "BME-33",
  pages =        "900--904",
}

@Article{RB-92,
  author =       "R. L. Burr and M. J. Cowan",
  title =        "Autoregressive spectral models of heart rate
                 variability",
  journal =      "J Electrocardiology",
  year =         "1992",
  volume =       "25(Suppl.)",
  pages =        "224--233",
}

@Article{RD-84,
  author =       "R. W. DeBoer and J. M. Karemaker and J. Strackee",
  title =        "Spectrum of a series of point events, generated by the
                 integral pulse frequency modulation model",
  journal =      "Med Biol Eng Comput",
  year =         "1985",
  volume =       "23",
  pages =        "138--142",
}

@InCollection{RJ-81,
  author =       "R. H. Jones",
  title =        "Fitting a continuous-time autoregression to unevenly
                 sampled discrete data",
  editor =       "D. F. Findley",
  booktitle =    "Applied Time Series Analysis II",
  address =      "New York",
  publisher =    "Academic Press",
  year =         "1981",
  pages =        "651--682",
}

@Article{RK-87,
  author =       "R. E. Klieger and J. P. Miller and J. T. Bigger and A.
                 J. Moss and {and the Multicenter Post-Infarct Research
                 Group}",
  title =        "Decreased heart rate variability and its association
                 with increased mortality after acute myocardial
                 infarction",
  journal =      "Am J Cardiol",
  year =         "1987",
  volume =       "59",
  pages =        "256--263",
}

@Article{WP-89,
  author =       "W. H. Press and G. B. Rybicki",
  title =        "Fast algorithm for spectral analysis of unevenly
                 sampled data",
  journal =      "Astrophysical J",
  year =         "1989",
  volume =       "338",
  pages =        "277--280",
}
